@booklet{Bertail,
    author    = "Bertail,Patrice",
    title     = "Bootstrap(s) in the i.i.d. case",
}

@booklet{Planchet,
    author    = "Planchet,Frédéric",
    title     = "Utilisation de la théorie des valeurs extrêmes
dans le contexte solvabilité 2",
    year      = "2012-2013",
}
% http://www.ressources-actuarielles.net/EXT/ISFA/fp-isfa.nsf/0/72EE1310B7EBC2A2C1256FD2002E9C76/$FILE/Seance3-01.pdf?OpenElement

